@article{cianfroccoreview,
  title={Mechanism and Regulation of Cytoplasmic Dynein},
  author={Cianfrocco, Michael A. and DeSantis, Morgan E. and Leschziner, Andres E. and Reck-Peterson, Samara L.},
  journal={Annual Reviews of Cell and Developmental Biology},
  volume={31},
  number={Nov},
  pages={83-108},
  year={2015},
  publisher={Annual Reviews}
}

@article{dewitt2012cytoplasmic,
  title={Cytoplasmic dynein moves through uncoordinated stepping of the AAA+ ring domains},
  author={DeWitt, Mark A and Chang, Amy Y and Combs, Peter A and Yildiz, Ahmet},
  journal={Science},
  volume={335},
  number={6065},
  pages={221--225},
  year={2012},
  publisher={American Association for the Advancement of Science}
}

@article{fibroblastvolume,
  title={Relationship between cell replication and volume in senescent human diploid fibroblasts.},
  author={Mitsui Y and Schneider EL},
  journal={Mech Ageing Dev.},
  volume={5},
  number={1},
  pages={45-56},
  year={1976},
  publisher={American Association for the Advancement of Science}
}

@article{reck2006single,
  title={Single-molecule analysis of dynein processivity and stepping behavior},
  author={Reck-Peterson, Samara L and Yildiz, Ahmet and Carter, Andrew P and Gennerich, Arne and Zhang, Nan and Vale, Ronald D},
  journal={Cell},
  volume={126},
  number={2},
  pages={335--348},
  year={2006},
  publisher={Elsevier}
}

@article{weihongpaper,
  title={Dynein achieves processive motion using both stochastic and coordinated stepping},
  author={Qiu, Weihong and Derr, Nathan D. and Goodman, Brian S. and Villa, Elizabeth and Wu, David and Shih, William and Reck-Peterson, Samara L.},
  journal={Nat Struct Mol Biol.},
  volume={19},
  number={2},
  pages={193-200},
  year={2012},
  publisher={Nature}
}

@article{valetoolbox,
  title={The Molecular Motor Toolbox for Intracellular Transport},
  author={Vale, Ronald D.},
  journal={Cell},
  volume={112},
  number={4},
  pages={467-480},
  year={2003},
  publisher={Elsevier}
}

@article{neuroanatomy,
  title={Neuronal tracing},
  author={Oztas, Emin},
  journal={Neuroanatomy},
  volume={2},
  number={1},
  pages={2-5},
  year={2003},
  publisher={Neuroanatomy}
}

@article{redwineMTBDcomplex,
  title={Structural basis for microtubule binding and release by dynein},
  author={Redwine, W. B and Hernandez-Lopez, R. and Zou, S and Huang, J. and Reck-Peterson, S. L and Leschziner, A. E.},
  journal={Science},
  volume={337},
  number={6101},
  pages={1532-1536},
  year={2012},
  publisher={Science}
}

@article{FRETstatepaper,
  title={ATP hydrolysis cycle-dependent tail motions in cytoplasmic dynein},
  author={Kon, Takahide and Mogami, Toshifumi and Ohkura, Reiko and Nishiura, Masaya and Sutoh, Kazuo},
  journal={Nature Structure and Molecular Biology},
  volume={12},
  pages={513-519},
  year={2005},
  publisher={Nature}
}

@article{sarlahmodel,
  title={The Winch Model Can Explain both Coordinated and Uncoordinated Stepping of Cytoplasmic Dynein},
  author={Sarlah, Andreja and Vilfan, Andrej},
  journal={Biophys J},
  volume={3},
  number={107},
  pages={662-671},
  year={2014},
  publisher={Elsevier}
}

@article{cellular-atp,
  title={Diversity in ATP concentrations in a single bacterial cell population revealed by quantitative single-cell imaging},
  author={Yaginuma, H and Kawai, S and Tabata, KV and Tomiyama, K and Komatsuzaki, T and Noji, H and Imamura, H},
  journal={Sci Rep},
  volume={4},
  number={6522},
  year={2014},
  publisher={Nature}
}

@article{myosin-cc-elasticity,
  title={The myosin coiled-coil is a truly elastic protein structure},
  author={Schwaiger, I. and Sattler, C. and Hostetter. D. and Rief., M},
  journal={Nature Materials},
  volume={1},
  number={},
  year={2002},
  pages={232-235},
  publisher={Nature}
}

@article{burgess-paper,
  title={Dynein structure and power stroke},
  author={Burgess, S. and Walker, M. and Sakakibara and H., Knight, P. and Oiwa, K.},
  journal={Nature},
  volume={421},
  number={},
  year={2003},
  pages={715-718},
  publisher={Nature}
}

@article{carter-paper,
  title={Structure of human cytoplasmic dynein-2 primed for its power stroke},
  author={Schmidt, H*. and Zalyte, R*. and Urnavicius, L. and Carter, AP.},
  journal={Nature},
  volume={518},
  number={},
  year={2014},
  pages={435-438},
  publisher={Nature}
}

@article{nicastro,
  title={Structural mechanism of the dynein power stroke},
  author={Lin, J. and Okada, K. and Raytchev, M. and Smith, M. and Nicastro, D.},
  journal={Nature Cell Biology},
  volume={16},
  number={},
  year={2014},
  pages={479-485},
  publisher={Nature}
}

@article{schmidt-carter,
  title={Insights into dynein motor domain function from a 3.3A crystal structure},
  author={Schmidt, H. and Gleave, ES. and Carter, AP.},
  journal={Nat Struct Mol Biol.},
  volume={19},
  number={},
  year={2012},
  pages={492-497},
  publisher={Nature}
}

@article{mt-atp-coupling,
  title={Helix sliding in the stalk coiled coil of dynein couples ATPase and microtubule binding},
  author={Kon, T. and Imamula, K. and Roberts, A. and Ohkura, R. and Knight, P. and Gibbons, IR. and Burgess, S. and Sutoh, K.},
  journal={Nat Struct Mol Biol.},
  volume={16},
  number={},
  year={2009},
  pages={325-333},
  publisher={Nature}
}

@article{kinesin-cycle,
  title={The mechanochemical cycle of mammalian kinesin-2 KIF3A/B under load},
  author={Andreasson, J. and Shastry, S. and Hancock, W. and Block, S.},
  journal={Curr Biol.},
  volume={9},
  number={25},
  year={2015},
  pages={1166-1175},
  publisher={Nature}
}

@article{myosin-cycle,
  title={Force-producing ADP state of myosin bound to actin},
  author={Wulfa, S. and Ropars, V. and Fujita-Becker, S. and  Oster, M. and Hofhaus, G. and Trabuco, L. and Pylypenko, O. and Sweeney, L and Houdesse, A. and Schröder, R.},
  journal={Proceedings of the National Academy of Sciences},
  volume={113},
  number={3},
  year={2016},
  pages={E1844-E1852},
  publisher={PNAS}
}

@article{einstein-paper,
  title={On the movement of small particles suspended in a stationary liquid demanded by the molecular-kinetic theory of heat},
  author={Einstein, A.},
  journal={},
  volume={},
  number={},
  year={1989},
  pages={},
  publisher={Princeton University Press}
}

@article{normal-modes-paper,
  title={Coarse-grained modeling of the structural states and transition underlying the powerstroke of dynein motor domain},
  author={Zheng, W},
  journal={J Chem Phys},
  volume={15},
  number={136},
  year={2012},
  publisher={AIP}
}

@article{kinesin-step-size,
  title={Mechanics of the kinesin step},
  author={Carter, N. J and Cross, R. A.},
  journal={Nature},
  number={435},
  year={2005},
  pages={308-312},
  publisher={AIP}
}

@article{bhabha-paper,
  title={How Dynein Moves Along Microtubules},
  author={Bhabha, G. and Johnson, G. and Schroeder, C. and Vale, R.},
  journal={Trends in Biochemical Sciences},
  number={1},
  year={2016},
  pages={94-105},
  publisher={CellPress}
}

@article{vale-kinesin-cycle,
  title={The Way Things Move: Looking under the Hood of Molecular Motor Proteins},
  author={Vale, R. D. and Milligan, R. A.},
  journal={Science},
  volume={288},
  number={5463},
  year={2000},
  pages={88-95},
  publisher={American Association for the Advancement of Science}
}

@article{kinesin-dynein-mt-overlap,
  title={Dynein and kinesin share an overlapping microtubule-binding site},
  author={Mizuno, N. and Toba, S. and Edamatsu, M. and Watai-Nishii, N. and  Hirokawa, N. and  Toyoshima, Y. and Kikkawa, M},
  journal={EMBO J},
  volume={23},
  number={13},
  year={2004},
  pages={2459–2467},
  publisher={EMBO}
}

@article{hook-family,
  title={The dynein family at a glance.},
  author={Hook, P. and Vallee, RB.},
  journal={J Cell Sci},
  volume={119},
  year={2004},
  pages={4369-4371},
  publisher={The Company of Biologists}
}

@article{leschziner,
  title={Structural basis for microtubule binding and release by dynein},
  author={Redwine, W. B and Hernandez-Lopez, R. and Zou, S. and Huang, J and Reck-Peterson, S. L and Leschziner, A. E},
  journal={Science},
  volume={337},
  number={6101},
  year={2012},
  pages={1532-1536},
  publisher={Science}
}

@article{vivodynein,
  title={Autoinhibition and cooperative activation mechanisms of cytoplasmic dynein},
  author={Takayuki Torisawa, Muneyoshi Ichikawa, Akane Furuta, Kei Saito, Kazuhiro Oiwa, Hiroaki Kojima, Yoko Y. Toyoshima & Ken’ya Furuta},
  journal={Nature Cell Biology},
  volume={16},
  year={2014},
  pages={1118-1124},
  publisher={Nature}
}

@misc{ATPenergy,
  title = {How much energy is released in ATP hydrolysis?},
  howpublished = {\url{http://book.bionumbers.org/how-much-energy-is-released-in-atp-hydrolysis/}},
  author={Milo, Ron and Phillips, Rob},
  note = {Accessed: 2016-12-21}
}

@misc{diffusionconstants,
  title = {What are the time scales for diffusion in cells?},
  howpublished = {\url{http://book.bionumbers.org/what-are-the-time-scales-for-diffusion-in-cells/}},
  author={Milo, Ron and Phillips, Rob},
  note = {Accessed: 2016-12-21}
}

@misc{landerartistsrendition,
  title = {TSRI Scientists Reveal Structural Secrets of Nature's Little Locomotive},
  howpublished = {\url{https://www.scripps.edu/news/press/2015/20150309lander.html}},
  note = {Accessed: 2017-5-11}
}

@misc{pdb-motm-dynein,
  title = {Molecule of the Month: Dynein},
  howpublished = {\url{https://pdb101.rcsb.org/motm/176}},
  year={2014},
  author={Goodsell, David},
  note = {Accessed: 2017-5-11}
}

@misc{kinesin-vs-dynein,
  title = {Molecular Motors Movies and Images},
  howpublished = {\url{https://valelab4.ucsf.edu/external/moviepages/moviesMolecMotors.html}},
  author={Vale, Ronald},
  year={2012},
  note = {Accessed: 2017-5-11}
}

@misc{kinesin-vs-dynein-2,
  title = {HendricksLab Homepage},
  howpublished = {\url{https://hendricks.lab.mcgill.ca/}},
  year={2012},
  author={Hendricks, Adam},
  note = {Accessed: 2017-5-11}
}

@misc{kinesin-gold-nanoparticle,
  title = {NIH grant supports the study of molecular motors to understand brain disease},
  howpublished = {\url{http://news.psu.edu/story/439633/2016/11/30/nih-grant-supports-study-molecular-motors-understand-brain-disease}},
  year={2016},
  author={Krause, Mindy},
  note = {Accessed: 2017-5-12}
}