@article{Burgess2003,
  title={Dynein structure and power stroke},
  author={Burgess, Stan A and Walker, Matt L and Sakakibara, Hitoshi and Knight, Peter J and Oiwa, Kazuhiro},
  journal={Nature},
  volume={421},
  number={6924},
  pages={715--718},
  year={2003},
  publisher={Nature Publishing Group}
}

@article{Cianfrocco2015mechanism,
  title={Mechanism and regulation of cytoplasmic dynein},
  author={Cianfrocco, Michael A and DeSantis, Morgan E and Leschziner, Andres E and Reck-Peterson, Samara L},
  journal={Annual review of cell and developmental biology},
  volume={31},
  pages={83--108},
  year={2015},
  publisher={Annual Reviews}
}

@article{Dewitt2012,
  title={Cytoplasmic dynein moves through uncoordinated stepping of the AAA+ ring domains},
  author={DeWitt, Mark A and Chang, Amy Y and Combs, Peter A and Yildiz, Ahmet},
  journal={Science},
  volume={335},
  number={6065},
  pages={221--225},
  year={2012},
  publisher={American Association for the Advancement of Science}
}

@article{Capek2017,
  title={Simulating dyneinâ€™s powerstroke using Brownian dynamics},
  author={Capek, Elliott},
  year={2017},
  publisher={Oregon State University}
}

@article{Carter2010communication,
  title={Communication between the AAA+ ring and microtubule-binding domain of dynein},
  author={Carter, Andrew P and Vale, Ronald D},
  journal={Biochemistry and Cell Biology},
  volume={88},
  number={1},
  pages={15--21},
  year={2010},
  publisher={NRC Research Press}
}

@article{Vale2003molecular,
  title={The molecular motor toolbox for intracellular transport},
  author={Vale, Ronald D},
  journal={Cell},
  volume={112},
  number={4},
  pages={467--480},
  year={2003},
  publisher={Elsevier}
}

@article{eschbach2011cytoplasmic,
  title={Cytoplasmic dynein in neurodegeneration},
  author={Eschbach, Judith and Dupuis, Luc},
  journal={Pharmacology \& therapeutics},
  volume={130},
  number={3},
  pages={348--363},
  year={2011},
  publisher={Elsevier},
  note={Source for intro and how defects in dynein can lead to neurodegenerative diseases. }
}




@misc{JohnsonArt,
  author={Johnson, Graham},
  title={Inspired by Crystal structure of the dynein motor protein},
  year={2011},
  howpublished={\url{https://valelab4.ucsf.edu/external/moviepages/moviesMolecMotors.html}}
}

@misc{TheTrappistArt,
  author={TheTrappist},
  title={An illustration of a dimer of cytoplasmic dynein heavy chains (DHC's) bound to a microtubule.},
  year={2015},
  month={June},
  howpublished={\url{https://commons.wikimedia.org/wiki/File:DyneinHeavyChainOnMT.png}}
}

@misc{GoodsellArt,
  author={Goodsell, David},
  title={Molecule of the Month: Dynein},
  year={2014},
  month={August},
  howpublished={\url{https://pdb101.rcsb.org/motm/176}}
}

