@article{reck2006single,
  title={Single-molecule analysis of dynein processivity and stepping behavior},
  author={Reck-Peterson, Samara L and Yildiz, Ahmet and Carter, Andrew P and Gennerich, Arne and Zhang, Nan and Vale, Ronald D},
  journal={Cell},
  volume={126},
  number={2},
  pages={335--348},
  year={2006},
  publisher={Elsevier}
}
